@inproceedings{bordes2013translating,
  title={Translating embeddings for modeling multi-relational data},
  author={Bordes, Antoine and Usunier, Nicolas and Garcia-Duran, Alberto and Weston, Jason and Yakhnenko, Oksana},
  booktitle={Advances in neural information processing systems},
  pages={2787--2795},
  year={2013}
}
@inproceedings{Ristoski:2017:LTI:3106426.3106465,
 author = {Ristoski, Petar and Faralli, Stefano and Ponzetto, Simone Paolo and Paulheim, Heiko},
 title = {Large-scale Taxonomy Induction Using Entity and Word Embeddings},
 booktitle = {Proceedings of the International Conference on Web Intelligence},
 series = {WI '17},
 year = {2017},
 isbn = {978-1-4503-4951-2},
 location = {Leipzig, Germany},
 pages = {81--87},
 numpages = {7},
 url = {http://doi.acm.org/10.1145/3106426.3106465},
 doi = {10.1145/3106426.3106465},
 acmid = {3106465},
 publisher = {ACM},
 address = {New York, NY, USA},
 keywords = {entity embeddings, ontology induction, text embeddings},
} 
@inproceedings{wang2014knowledge,
  title={Knowledge graph embedding by translating on hyperplanes},
  author={Wang, Zhen and Zhang, Jianwen and Feng, Jianlin and Chen, Zheng},
  booktitle={Twenty-Eighth AAAI conference on artificial intelligence},
  year={2014}
}

@inproceedings{lin2015learning,
  title={Learning entity and relation embeddings for knowledge graph completion},
  author={Lin, Yankai and Liu, Zhiyuan and Sun, Maosong and Liu, Yang and Zhu, Xuan},
  booktitle={Twenty-ninth AAAI conference on artificial intelligence},
  year={2015}
}
@inproceedings{ji2015knowledge,
  title={Knowledge graph embedding via dynamic mapping matrix},
  author={Ji, Guoliang and He, Shizhu and Xu, Liheng and Liu, Kang and Zhao, Jun},
  booktitle={Proceedings of the 53rd Annual Meeting of the Association for Computational Linguistics and the 7th International Joint Conference on Natural Language Processing (Volume 1: Long Papers)},
  volume={1},
  pages={687--696},
  year={2015}
}
@article{yang2014embedding,
  title={Embedding entities and relations for learning and inference in knowledge bases},
  author={Yang, Bishan and Yih, Wen-tau and He, Xiaodong and Gao, Jianfeng and Deng, Li},
  journal={arXiv preprint arXiv:1412.6575},
  year={2014}
}
@inproceedings{nickel2011three,
  title={A Three-Way Model for Collective Learning on Multi-Relational Data.},
  author={Nickel, Maximilian and Tresp, Volker and Kriegel, Hans-Peter},
  booktitle={ICML},
  volume={11},
  pages={809--816},
  year={2011}
}
@inproceedings{nickel2016holographic,
  title={Holographic embeddings of knowledge graphs},
  author={Nickel, Maximilian and Rosasco, Lorenzo and Poggio, Tomaso},
  booktitle={Thirtieth Aaai conference on artificial intelligence},
  year={2016}
}
@article{lin2018knowledge,
  title={Knowledge Representation Learning: A Quantitative Review},
  author={Lin, Yankai and Han, Xu and Xie, Ruobing and Liu, Zhiyuan and Sun, Maosong},
  journal={arXiv preprint arXiv:1812.10901},
  year={2018}
}